<?xml version="1.0" encoding="UTF-8"?><collection xmlns="http://www.loc.gov/MARC21/slim"><record><leader>00485nam--2200193-i-4500</leader><controlfield tag="001">000048327</controlfield><controlfield tag="002">20161230</controlfield><controlfield tag="005">20161230201046</controlfield><controlfield tag="008">060222s1000------------r-----000-0-rus-d</controlfield><datafield ind1=" " ind2=" " tag="040"><subfield code="a">IFIN-HH</subfield></datafield><datafield ind1=" " ind2=" " tag="041"><subfield code="a">rus</subfield></datafield><datafield ind1=" " ind2=" " tag="080"><subfield code="a">541.12.017</subfield></datafield><datafield ind1="1" ind2=" " tag="100"><subfield code="a">Regeli, A.R</subfield></datafield><datafield ind1="1" ind2="0" tag="245"><subfield code="a">Zakonomernosti formirovania strukturi</subfield><subfield code="c">A.r. regeli; v.m. glazov</subfield></datafield><datafield ind1=" " ind2=" " tag="260"><subfield code="a">Moskva</subfield><subfield code="b">Nauka</subfield><subfield code="c">1982</subfield></datafield><datafield ind1=" " ind2=" " tag="300"><subfield code="a">319P</subfield></datafield><datafield ind1="1" ind2=" " tag="700"><subfield code="a">Glazov, V.M</subfield></datafield><datafield ind1=" " ind2=" " tag="852"><subfield code="a">70831</subfield><subfield code="c">537.311.33</subfield></datafield><datafield ind1=" " ind2=" " tag="CAT"><subfield code="a">Sys</subfield><subfield code="c">20110727</subfield><subfield code="h">120109</subfield></datafield></record></collection>